@inbook{inbook,
author = {Arengo, Felicity and Porzecanski, Ana and Blair, Mary and Amato, George and Filardi, Chris and Sterling, Eleanor},
year = {2017},
month = {10},
pages = {82-100},
title = {The essential role of museums in biodiversity conservation},
isbn = {9781315531892},
doi = {10.4324/9781315531892-6}
}