@inbook{inbook,
author = {Novacek, Michael and Goldberg, Suzann},
year = {2013},
month = {01},
pages = {404-420},
title = {The Role of Museums and Institutions in Biodiversity Science and Education}
}