@inproceedings{inproceedings,
author = {Balmaki, Behzad},
year = {2009},
month = {01},
pages = {},
title = {بررسی جایگاه موزه های تاریخ طبیعی در فرهنگسازی زیست محیطی}
}